@inproceedings{BhattacharyaK20,
  author    = {Sayan Bhattacharya and Janardhan Kulkarni},
  title     = {``{An Improved Algorithm for Incremental Cycle Detection and Topological Ordering in Sparse Graphs}''},
  booktitle = {{SODA} 2020},
  pages     = {2509--2521},
  year      = {2020},
}

@article{HaeuplerKMST12,
  author    = {Bernhard Haeupler and Telikepalli Kavitha and Rogers Mathew and Siddhartha Sen and Robert Endre Tarjan},
  title     = {``{Incremental Cycle Detection, Topological Ordering, and Strong Component Maintenance}''},
  journal   = {{ACM} Trans. Algorithms},
  volume    = {8},
  number    = {1},
  pages     = {3:1--3:33},
  year      = {2012},
}

@inproceedings{BernsteinC18,
  author    = {Aaron Bernstein and Shiri Chechik},
  title     = {``{Incremental Topological Sort and Cycle Detection in Expected Total Time}''},
  booktitle = {{SODA} 2018},
  pages     = {21--34},
  year      = {2018},
}

@inproceedings{BenderFG09,
  author    = {Michael A. Bender and Jeremy T. Fineman and Seth Gilbert},
  title     = {``{A new approach to incremental topological ordering}''},
  booktitle = {{SODA} 2009},
  pages     = {1108--1115},
  year      = {2009},
}

@article{BenderFGT16,
  author    = {Michael A. Bender and Jeremy T. Fineman and Seth Gilbert and Robert E. Tarjan},
  title     = {``{A New Approach to Incremental Cycle Detection and Related Problems}''},
  journal   = {{ACM} Trans. Algorithms},
  volume    = {12},
  number    = {2},
  pages     = {14:1--14:22},
  year      = {2016},
}

@article{GuptaS20,
  author    = {Anupam Gupta and Sahil Singla},
  title     = {``{Random-Order Models}''},
  journal   = {CoRR},
  volume    = {abs/2002.12159},
  year      = {2020},
  url       = {https://arxiv.org/abs/2002.12159},
  archivePrefix = {arXiv},
}